@book{griffiths2016introduction,
  title={Introduction to quantum mechanics},
  author={Griffiths, David J},
  year={2016},
  publisher={Cambridge University Press}
}